% This file was created with JabRef 2.5.
% Encoding: Cp1252

@ARTICLE{Hong:IJOC2015,
  author = {L. Jeff Hong and Jun Luo and Barry L. Nelson},
  title = {Chance constrained selection of the best}, 
  journal = {INFORMS Journal on Computing},
  year = {2015},
  volume = {27},
  pages = {317-334}
  }
  
  @INCOLLECTION{KimNelson2006,
  author = {S-H Kim and Barry L. Nelson},
  title = {Selecting the best system},
  booktitle = {Elsevier Handbooks in Operations Research
and Management Science: Simulation},
  publisher = {Elsevier},
  year = {2006},
  editor = {S. G. Henderson and B.L. Nelson},
  address = {Waltham, MA},
  page = {501-534}
}



@ARTICLE{KimNelsonOR2006,
  author = {Seong-Hee Kim and Barry L. Nelson},
  title = {On the asymptotic validity of fully sequential selection procedures for steady-state simulation}, 
  journal = {Operations Research},
  year = {2006},
  volume = {54},
  pages = {475--488}
  }

  
@ARTICLE{NelsonMatejcik1995,
  author = {Barry L. Nelson and F.J. Matejcik},
  title = {Using common random numbers for indifference-zone selection and multiple comparisons in simulation}, 
  journal = {Management Science},
  year = {1995},
  volume = {41},
  pages = {1935--1945}
  }
  
@ARTICLE{Chen1996,
  author = {Chen, C.-H.},
  title = {A lower bound for the correct subset-selection
probability and its application to discrete event simulations.}, 
  journal = {IEEE Transactions on Automatic Control},
  year = {1996},
  volume = {41},
  pages = {1227--1231}
  }
  
 @ARTICLE{Gupta1965,
  author = {S.S. Gupta},
  title = {On some multiple decision (selection and ranking) rules}, 
  journal = {Technometrics},
  year = {1965},
  volume = {7},
  pages = {2255--245}
  }
  
 @ARTICLE{LeeNelsonIIET2016,
  author = {Soonhui Lee and Barry L. Nelson},
  title = {General-purpose ranking and selection for computer simulation}, 
  journal = {IIE Transactions},
  year = {2016},
  volume = {48},
  pages = {555--564}
  }
  
@INPROCEEDINGS{ChingcuancoOsorio2013,
  author = {Franco Chingcuanco and Carolina Osorio},
  title = {A Procedure to Select the Best Subset Among Simulated Systems using Economic Opportunity Cost},
  booktitle = {Proceedings of the 2013 Winter Simulation Conference},
  year = {2013},
  editor = {R. Pasupathy and S.-H. Kim and A. Tolk and R. Hill and M. E. Kuhl},
  pages = {452--462},
  address = {Piscataway, New Jersey},
  organization = {IEEE}
}

  @INPROCEEDINGS{Penn2018,
  author = {M.L Penn and T Monks and A Kazmierska and and M Alkoheji},
  title = {Designing and Redeveloping Generic Models in Healthcare.},
  booktitle = {Proceedings of the OR Society Simulation Workshop 2018},
  publisher = {OR Society},
  year = {2018},
  editor = {A. Anagnostou and R. Meskarian and D. Robertson},
  address = {Stratford-Upon-Avon, UK},
}


@INPROCEEDINGS{GaoChen2015,
  author = {Siyang Gao and Weiwei Chen},
  title = {A Note on the Subset Selection for Simulation Optimization},
  booktitle = {Proceedings of the 2015 Winter Simulation Conference},
  year = {2015},
  editor = {L. Yilmaz and W. K. V. Chan and I. Moon and T. M. K. Roeder and C. Macal and M. D. Rossetti},
  pages = {3768--3776},
  address = {Piscataway, New Jersey},
  organization = {IEEE}
}

@INPROCEEDINGS{LeeNelson2015,
  author = {Soonhui Lee and Barry L. Nelson},
  title = {Computational improvements in bootstrap ranking and selection procedures via multiple comparison with the best},
  booktitle = {Proceedings of the 2015 Winter Simulation Conference},
  year = {2015},
  editor = {L. Yilmaz and W. K. V. Chan and I. Moon and T. M. K. Roeder and C. Macal and M. D. Rossetti},
  pages = {3758--3767},
  address = {Piscataway, New Jersey},
  organization = {IEEE}
}

@INPROCEEDINGS{LeeNelson2014,
  author = {Soonhui Lee and Barry L. Nelson},
  title = {Bootstrap ranking and selection revisited},
  booktitle = {Proceedings of the 2014 Winter Simulation Conference},
  year = {2014},
  editor = {A. Tolk and S. Y. Diallo and I. O. Ryzhov and L. Yilmaz and S. Buckley and J. A. Miller},
  pages = {3857--3868},
  address = {Piscataway, New Jersey},
  organization = {IEEE}
}

@INPROCEEDINGS{ChengCurrie2009,
  author = {Russell C.H. Cheng and Christine S.M. Currie},
  title = {Resampling Methods of Analysis in Simulation Studies},
  booktitle = {Proceedings of the 2009 Winter Simulation Conference},
  year = {2009},
  editor = {M. D. Rossetti and R. R. Hill and B. Johansson and A. Dunkin and R. G. Ingalls},
  pages = {45--59},
  address = {Piscataway, New Jersey},
  organization = {IEEE}
}

@INPROCEEDINGS{Bekki2010,
  author = {Jennifer M. Bekki and Barry L. Nelson and John W. Fowler},
  title = {Bootstrapping-based fixed-width confidence intervals for ranking and selection},
  booktitle = {Proceedings of the 2010 Winter Simulation Conference},
  year = {2010},
  editor = {B. Johansson and S. Jain and J. Montoya-Torres and J. Hugan and E. Y\"{u}cesan},
  pages = {1024--1033},
  address = {Piscataway, New Jersey},
  organization = {IEEE}
}

@INPROCEEDINGS{Wangetal2011,
  author = {Yu Wang and Louis Luangkesorn and Larry J. Shuman
},
  title = {Best-Subset Selection Procedure},
  booktitle = {Proceedings of the 2011 Winter Simulation Conference},
  year = {2011},
  editor = {S. Jain and R. R. Creasey and J. Himmelspach and K. P. White and M. Fu},
  pages = {4315--4323},
  address = {Piscataway, New Jersey},
  organization = {IEEE}
}

@ARTICLE{Pasupathyetal2014,
  author = {Raghu Pasupathy and Susan R. Hunter and Nugroho A. Pujowidianto and Loo Hay Lee and Chun-Hung Chen},
  title = {Stochastically constrained ranking and selection via SCORE}, 
  journal = {ACM Trans. Model. Comput. Simul.},
  year = {2014},
  volume = {25},
  pages = {1-26}
  }

@ARTICLE{HunterPasupathy2013,
  author = {Susan R. Hunter and Raghu Pasupathy},
  title = {Optimal Sampling Laws for Stochastically Constrained Simulation Optimization on Finite Sets}, 
  journal = {INFORMS Journal on Computing},
  year = {2013},
  volume = {25},
  pages = {527-542}
  }

@ARTICLE{Andradottir2010,
  author = {Sigr\'{u}n Andrad\'{o}ttir and Seong-Hee Kim},
  title = {Fully sequential procedures for comparing constrained systems via simulation}, 
  journal = {Naval Research Logistics},
  year = {2010},
  volume = {57},
  pages = {403-421}
  }

@ARTICLE{Bechhofer1954,
  author = {R.E. Bechhofer},
  title = {A single-sample multiple decision procedure for ranking means of normal populations with known variances
}, 
  journal = {Annals of Mathematical Statistics},
  year = {1954},
  volume = {25},
  pages = {16-39}
  }
  
@ARTICLE{Branke:MS2007,
  author = {J\"{u}rgen Branke and Stephen E. Chick and Christian Schmidt},
  title = {Selecting a selection procedure}, 
  journal = {Management Science},
  year = {2007},
  volume = {53},
  pages = {1916-1932}
} 

@ARTICLE{Nakayama:EJOR2007,
  author = {Marvin Nakayama},
  title = {Fixed-width multiple-comparison procedures using common random numbers for steady-state simulations}, 
  journal = {European Journal of Operational Research},
  year = {2007},
  volume = {182},
  pages = {1330-1349}
}

@ARTICLE{ChickInoue:MS2001,
  author = {Stephen E. Chick and Koichiro Inoue},
  title = {New Procedures to Select the Best Simulated System Using Common Random Numbers}, 
  journal = {Management Science},
  year = {2007},
  volume = {47},
  pages = {1133-1149}
}

@ARTICLE{ChickInoue:OR2001,
  author = {Stephen E. Chick and Koichiro Inoue},
  title = {New Two-Stage and Sequential Procedures for Selecting the Best Simulated System }, 
  journal = {Operations Research},
  year = {2001},
  volume = {49},
  pages = {732--743}
}

@ARTICLE{GaoChen:IIE2016,
  author = {Siyang Gao and Weiwei Chen},
  title = {A new budget allocation framework for selecting top simulated designs}, 
  journal = {IIE Transactions},
  year = {2016},
  volume = {48},
  pages = {855-863}
}

@ARTICLE{Leeetal:IIE2010,
  author = {Loo Hay Lee and E.K. Pen Chew and Suyan Teng and Dave Goldsman},
  title = {Finding the Non-Dominated Pareto Set for Multi-Objective Simulation Models
}, 
  journal = {IIE Transactions},
  year = {2010},
  volume = {42},
  pages = {656-674}
}


@ARTICLE{Chen:IJOC2008,
  author = {Chun-Hung Chen and Donghai He and Michael Fu and Loo Hay Lee},
  title = {Efficient Simulation Budget Allocation for Selecting an Optimal Subset}, 
  journal = {INFORMS Journal on Computing},
  year = {2008},
  volume = {20},
  pages = {579-595}
}

@ARTICLE{KoenigLaw:1985,
  author = {L.W. Koenig and A.M. Law},
  title = {A procedure for selecting a subset of size m containing the l best of k independent normal populations}, 
  journal = {Communications in Statistics - Simulation and Computation},
  year = {1985},
  volume = {14},
  pages = {719-734}
}

@BOOK{Cheng:2017,
  title = {Non-Standard Parametric Statistical Inference},
  publisher = {Oxford University Press},
  year = {2017},
  author = {Russell C.H. Cheng},
  address = {Oxford, UK},
  edition = {1st}
}

@BOOK{Fu:2015,
  title = {Handbook of Simulation Optimization},
  publisher = {Springer},
  year = {2015},
  author = {Michael C. Fu},
  address = {New York, USA},
  edition = {1st}
}

@BOOK{bcnn:simulation,
  title = {{D}iscrete-{E}vent {S}ystem {S}imulation},
  publisher = {Prentice-Hall, Inc.},
  year = {2000},
  author = {Jerry Banks and John S. Carson and Barry L. Nelson and David M. Nicol},
  address = {Upper Saddle River, New Jersey},
  edition = {3rd}
}

@ARTICLE{bechhofer:multinomial,
  author = {R. E. Bechhofer and S. Elmaghraby and N. Morse},
  title = {A Single-Sample multiple-decision procedure for selecting the multinomial
	event which has the highest probability},
  journal = {Annals of Mathematical Statistics},
  year = {1959},
  volume = {30},
  pages = {102--119}
}

@ARTICLE{bechhofer:heteroscedastic,
  author = {R. E. Bechhofer and A. J. Hayter and A. C. Tamhane},
  title = {Designing experiments for selecting the largest normal mean when
	the variances are known and unequal: {O}ptimal sample size allocation},
  journal = {Journal of Statistical Planning and Inference},
  year = {1991},
  volume = {28},
  pages = {271--289}
}

@BOOK{bratley:simulation,
  title = {A Guide To Simulation},
  publisher = {Springer-Verlag},
  year = {1983},
  author = {P. Bratley and B. L. Fox and L. Schrage},
  address = {New York}
}

@INPROCEEDINGS{cheng:input94,
  author = {Russell C. H. Cheng},
  title = {Selecting Input Models},
  booktitle = {Proceedings of the 1994 Winter Simulation Conference},
  year = {1994},
  editor = {J. D. Tew et al.},
  pages = {184--191},
  address = {Piscataway, New Jersey},
  organization = {IEEE}
}


@TECHREPORT{chi89,
  author = {C. Chien},
  title = {Small Sample Theory for Steady State Confidence Intervals},
  institution = {Department of Operations Research, Stanford University},
  year = {1989},
  number = {No. 37},
  address = {Stanford, California}
}

@INPROCEEDINGS{goldsman:selection94,
  author = {David Goldsman and Barry L. Nelson},
  title = {Ranking, Selection, and Multiple Comparisons in Computer Simulation},
  booktitle = {Proceedings of the Winter Simulation Conference},
  year = {1994},
  editor = {J. D. Tew and S. Manivannan and D. A. Sadowski and A. F. Seila},
  pages = {192--199},
  address = {Piscataway, New Jersey},
  organization = {Institute of Electrical and Electronics Engineers, Inc.}
}

@INCOLLECTION{guptamiescke:heteroscedatic,
  author = {S. S. Gupta and K. J. Miescke},
  title = {On the Problem of Finding the Largest Normal Mean under Heteroscedasticity},
  booktitle = {Statistical Decision Theory and Related Topics {IV}},
  publisher = {Springer Verlag},
  year = {1988},
  editor = {S. S. Gupta and J. O. Berger},
  volume = {2},
  address = {New York},
  page = {37--49}
}



and Management Science: Simulation (Elsevier, Waltham, MA),
501–534.
@ARTICLE{gupta:mnormal,
  author = {S. S. Gupta and K. Nagel and S. Panchapakesan},
  title = {On the Order Statistics from Equally Correlated Normal Random Variables},
  journal = {Biometrika},
  year = {1973},
  volume = {60(2)},
  pages = {403--413}
}

@BOOK{hammersley:montecarlo,
  title = {Monte Carlo Methods},
  publisher = {Methuen},
  year = {1964},
  author = {J. M. Hammersley and D. C. Handscomb},
  address = {London}
}

@ARTICLE{hartmann:sequential,
  author = {M. Hartmann},
  title = {An improvement on {P}aulson's procedure for selecting the population
	with the largest mean from k normal populations with a common unknown
	variance},
  journal = {Sequential Analysis},
  year = {1991},
  volume = {10},
  pages = {1--16}
}

@BOOK{hsu:selection,
  title = {Multiple Comparisons: Theory and Methods},
  publisher = {Chapman \& Hall},
  year = {1996},
  author = {J. C. Hsu},
  address = {New York}
}


@BOOK{Chernick_Boot,
  title = {Bootstrap Methods: A Guide for Practitioners and Researchers},
  publisher = {John Wiley \& Sons, Inc},
  year = {2007},
  author = {Michael R. Chernick},
  address = {New York}
}


@BOOK{law:simulationc,
  title = {Simulation Modeling \& Analysis},
  publisher = {McGraw-Hill, Inc},
  year = {2000},
  author = {Averill M. Law and W. David Kelton},
  address = {New York},
  edition = {3rd}
}

@INCOLLECTION{miescke:bayesdesigns99,
  author = {K. J. Miescke},
  title = {Bayes Sampling Designs for Selection Procedures},
  booktitle = {Multivariate, Design, and Sampling},
  publisher = {M. Dekker},
  year = {1999},
  editor = {S. Ghosh},
  address = {New York},
  page = {93--117}
}

@ARTICLE{rinott:twostage,
  author = {Y. Rinott},
  title = {On Two-Stage Selection Procedures and Related Probability-Inequalities},
  journal = {Communications in Statistics},
  year = {1978},
  volume = {A7},
  pages = {799--811}
}

@INCOLLECTION{sch79,
  author = {L. W. Schruben},
  title = {Designing Correlation Induction Strategies for Simulation Experiments},
  booktitle = {Current Issues in Computer Simulation},
  publisher = {Academic Press},
  year = {1979},
  editor = {N. R. Adam and A. Dogramaci},
  pages = {235--256},
  address = {New York}
}

@PHDTHESIS{ste99,
  author = {N. M. Steiger},
  title = {Improved Batching for Confidence Interval Construction in Steady-State
	Simulation},
  school = {Department of Industrial Engineering, North Carolina State University},
  year = {1999},
  type = {{Ph.D.} Thesis},
  address = {Raleigh, North Carolina},
  note = {\url{http://www.lib.ncsu.edu/resolver/1840.16/4713}}
}

@ARTICLE{tamhane:screening,
  author = {A. C. Tamhane and R. E. Bechhofer},
  title = {A two-stage minimax procedure with screening for selecting the largest
	normal mean (ii) an improved {PCS} lower bound and associated tables},
  journal = {Communications in Statistics},
  year = {1979},
  volume = {A8},
  pages = {337--358}
}

@MANUAL{chicago03,
  title = {The Chicago Manual of Style},
  author = {{The University of Chicago Press}},
  organization = {The University of Chicago Press},
  address = {Chicago},
  edition = {16th},
  note = {\url{http://www.chicagomanualofstyle.org}},
  year = {2010}
}

@MISC{WSC,
  author = {{WSC}},
  title = {Winter Simulation Conference},
  year = {2018},
  editors = {Board of Directors},
  owner = {Jan},
  note = {Accessed January 22\textsuperscript{nd}, 2018.},
  timestamp = {2015.02.01}
}

@MISC{sharon:WordTips,
  author = {{Sharon Parq Associates}},
  title = {{WordTips: Numbering Equations}},
  url  = {http://word.tips.net/Pages/T000273_Numbering_Equations.html},
  note = {Accessed 15.01.2018}
}

@MISC{Foundation,
  author = {{WSC Foundation}},
  title = {The {WSC} {F}oundation},
  howpublished = {Last modified January 15, 2011. \url{http://www.wscfoundation.org}},
  year = {2011},
  owner = {Jan},
  timestamp = {2011.03.22}
}

@ARTICLE{powell2017widening,
  title={Widening requirements capture with soft methods: an investigation of hybrid M\&S studies in health care},
  author={J. H. Powell and N. Mustafee},
  journal={Journal of the Operational Research Society},
  volume={68},
  number={10},
  pages={1211--1222},
  year={2017},
  publisher={Taylor \& Francis}
}

@Inproceedings{rabe:combining,
  Title                    = {Combining a Discrete-event Simulation Model of a Logistics Network with Deep Reinforcement Learning},
  Author                   = {M. Rabe and F. Dross and A. Wuttke},
  Booktitle                = {Proceedings of the MIC and MAEB 2017 Conferences},
  Year                     = {2017},
  Organization             = {July 4\textsuperscript{th}-7\textsuperscript{th}, Barcelona, Spain, 765-774.},
  Owner                    = {daniele},
  Timestamp                = {2018.01.30}
}
